% This file was created with JabRef 2.9.2.
% Encoding: Cp1252
@article{Al-mayyahi2014,

	author = {Al-mayyahi, Auday and Wang, William and Birch, Phil},
	doi = {10.3390/robotics3040349},
	file = {:Users/aba/bahan-utama_thesis/2014_Al-mayyahi, Wang, Birch_Adaptive Neuro-Fuzzy Technique for Autonomous Ground.pdf:pdf},
	keywords = {ANFIS,anfis,autonomous ground vehicle,navigation,obstacle avoidance,static environment},
	mendeley-groups = {bahan-Inter},
	pages = {349--370},
	title = {{Adaptive Neuro-Fuzzy Technique for Autonomous Ground}},
	year = {2014}
}


@article{Li2020,

	author = {Li, Xiali and Tian, Manjun and Kong, Shihan and Wu, Licheng and Yu, Junzhi},
	doi = {10.1177/1729881420932715},

	issn = {17298814},
	journal = {International Journal of Advanced Robotic Systems},
	keywords = {Object detection,aquatic environment,detection,garbage capture robot,modified YOLOv3},
	mendeley-groups = {bahan-Inter},
	number = {3},
	pages = {1--11},
	title = {{A modified YOLOv3 detection method for vision-based water surface garbage capture robot}},
	volume = {17},
	year = {2020}
}

@book{Shah2014,

	author = {Shah, Hitesh and Gopal, M.},
	booktitle = {IFAC Proceedings Volumes (IFAC-PapersOnline)},
	doi = {10.3182/20140313-3-IN-3024.00058},
	isbn = {9783902823601},
	issn = {14746670},
	keywords = {Neuro-fuzzy system,Preferably taken from the IF AC keyword list,Reinforcement learning},
	mendeley-groups = {Autonomous Mobile Robot,bahan-Inter},
	number = {PART 1},
	pages = {1161--1165},
	publisher = {IFAC},
	title = {{A reinforcement learning algorithm with evolving fuzzy neural networks}},
	url = {http://dx.doi.org/10.3182/20140313-3-IN-3024.00058},
	volume = {3},
	year = {2014}
}


@article{Paper2015,
	author = {Paper, Conference},
	doi = {10.13140/2.1.3244.1922},
	file = {:Users/aba/bahan-utama_thesis/2015_Paper_A Reinforcement Learning System with Neuro- Fuzzy Network and its Applications A Reinforcement Learning System with Neuro-Fuz.pdf:pdf},
	mendeley-groups = {Autonomous Mobile Robot,bahan-Inter},
	number = {July},
	title = {{A Reinforcement Learning System with Neuro- Fuzzy Network and its Applications A Reinforcement Learning System with Neuro-Fuzzy Network and its Applications}},
	year = {2015}
}


@article{Othman2020,
	author = {Othman, Hirdy and {Iskandar Petra}, Mohammad and {Chandratilak De Silva}, Liyanage and Caesarendra, Wahyu},
	doi = {10.1088/1742-6596/1444/1/012040},
	issn = {17426596},
	journal = {Journal of Physics: Conference Series},
	number = {1},
	title = {{Automated trash collector design}},
	volume = {1444},
	year = {2020}
}


@article{Palacin2004,
	author = {Palac{\'{i}}n, Jordi and Salse, Jos{\'{e}} Antonio and Valgan{\'{o}}n, Ignasi and Clua, Xavi},
	doi = {10.1109/TIM.2004.834093},
	issn = {00189456},
	journal = {IEEE Transactions on Instrumentation and Measurement},
	number = {5},
	pages = {1418--1424},
	title = {{Building a mobile robot for a floor-cleaning operation in domestic environments}},
	volume = {53},
	year = {2004}
}
@article{HouxiangZhang2006,
	
	author = {{Houxiang Zhang} and {Jianwei Zhang} and {Guanghua Zong} and {Wei Wang} and {Rong Liu}},
	doi = {10.1109/mra.2006.1598051},
	
	issn = {1070-9932},
	journal = {IEEE Robotics {\&} Automation Magazine},
	number = {1},
	pages = {32--41},
	title = {{Sky Cleaner 3: a real pneumatic climbing robot for glass-wall cleaning}},
	volume = {13},
	year = {2006}
}
@article{Yuan2011,
	
	author = {Yuan, Fu Cai and Sun, Hai Liang and Hu, Shi Jian and Wang, Li Zhu},
	doi = {10.1109/MSIE.2011.5707629},
	
	isbn = {9781424483853},
	journal = {2011 International Conference on Management Science and Industrial Engineering, MSIE 2011},
	keywords = {Cleaning,Robot,Swimming pools},
	pages = {1175--1178},
	title = {{Design of cleaning robot for swimming pools}},
	year = {2011}
}
@article{Georgy2012,
	
	author = {Georgy, Jacques and Noureldin, Aboelmagd and Goodall, Chris},
	doi = {10.1109/TCE.2012.6227459},
	
	issn = {00983063},
	journal = {IEEE Transactions on Consumer Electronics},
	keywords = {GPS,Inertial Sensors,Land Vehicle Navigation,Map Matching,Particle Filter},
	number = {2},
	pages = {544--552},
	title = {{Vehicle navigator using a mixture particle filter for inertial sensors/odometer/map data/GPS integration}},
	volume = {58},
	year = {2012}
}
@article{Kulkarni2013,
	
	author = {Kulkarni, Shreyas and Junghare, Sarang},
	doi = {10.1109/CARE.2013.6733698},
	
	isbn = {9781467361538},
	journal = {CARE 2013 - 2013 IEEE International Conference on Control, Automation, Robotics and Embedded Systems, Proceedings},
	keywords = {autonomous indoor exploration,object detection,pneumatic actuation,ultrasonic sensors},
	title = {{Robot based indoor autonomous trash detection algorithm using ultrasonic sensors}},
	year = {2013}
}
@article{Kang2014,
	
	author = {Kang, Mun Cheon and Kim, Kwang Shik and Noh, Dong Ki and Han, Jong Woo and Ko, Sung Jea},
	doi = {10.1109/TCE.2014.7027291},
	
	issn = {00983063},
	journal = {IEEE Transactions on Consumer Electronics},
	keywords = {Image processing,line detection,obstacle detection,robotic vacuum cleaner},
	number = {4},
	pages = {587--595},
	title = {{A robust obstacle detection method for robotic vacuum cleaners}},
	volume = {60},
	year = {2014}
}
@article{Lecun2015,
	
	author = {Lecun, Yann and Bengio, Yoshua and Hinton, Geoffrey},
	doi = {10.1038/nature14539},
	
	issn = {14764687},
	journal = {Nature},
	number = {7553},
	pages = {436--444},
	pmid = {26017442},
	title = {{Deep learning}},
	volume = {521},
	year = {2015}
}
@article{Bai2018,
	author = {Bai, Jinqiang and Lian, Shiguo and Liu, Zhaoxiang and Wang, Kai and Liu, Dijun},
	doi = {10.1109/TCE.2018.2859629},

	issn = {15584127},
	journal = {IEEE Transactions on Consumer Electronics},
	keywords = {Deep learning,garbage cleaning,ground segmentation,robot navigation},
	number = {3},
	pages = {382--389},
	publisher = {IEEE},
	title = {{Deep Learning Based Robot for Automatically Picking Up Garbage on the Grass}},
	volume = {64},
	year = {2018}
}
@article{Nagayo2019,
	author = {Nagayo, Analene Montesines and Vikraman, Puthentharayil and Saidi, Mazna S H Al and Hosni, Ammar S Al and Kharusi, Ali K Al},

	keywords = {arduino,gps monitoring,gsm,microcontroller,solar,vex clawbot,waste collection,wireless charging},
	number = {June},
	pages = {4--7},
	title = {{Autonomous Trash Collector Robot with Wireless Charging System in a Campus Environment}},
	volume = {2019},
	year = {2019}
}
@article{Arai2019,
	author = {Arai, Yuki and Miyagusuku, Renato and Ozaki, Koichi},

	title = {{Development and Testing of Garbage Detection for Autonomous Robots in Outdoor Environments}},
	year = {2019}
}
@article{Saputra2019,

	author = {Saputra, Hendri Maja and Nurhakim, Abdurrahman and Utomo, Sapdo},
	doi = {10.24003/emitter.v7i2.399},
	
	issn = {2355-391X},
	journal = {EMITTER International Journal of Engineering Technology},
	keywords = {anfis,bldc motor,position control,rotary table},
	number = {2},
	pages = {511--523},
	title = {{Position Control of 1-DOF High-Precision Rotary Table using Adaptive Neuro-Fuzzy Inference System (ANFIS) Controller}},
	volume = {7},
	year = {2019}
}
@article{Hossain2019,
	
	author = {Hossain, Shamima and Debnath, Bidya and Anika, Adrita and Junaed-Al-Hossain, Md and Biswas, Sabyasachi and Shahnaz, Celia},
	doi = {10.1109/TENCON.2019.8929270},
	
	isbn = {9781728118956},
	issn = {21593450},
	journal = {IEEE Region 10 Annual International Conference, Proceedings/TENCON},
	keywords = {Autonomous,Deep Learning,Raspberry Pi,Trash detection,Ultrasonic Sensor},
	pages = {1406--1410},
	publisher = {IEEE},
	title = {{Autonomous Trash Collector Based on Object Detection Using Deep Neural Network}},
	volume = {2019-Octob},
	year = {2019}
}

@article{Khan2020,
	author = {Khan, Muhammad Abbas},
	doi = {10.17485/ijst/v13i20.212},
	issn = {09746846},
	journal = {Indian Journal of Science and Technology},
	keywords = {automatic waste disposal,corresponding author,garbage collector bins,pakistan,robot},
	number = {20},
	pages = {2065--2070},
	title = {{Garbage collector robot}},
	volume = {13},
	year = {2020}
}
@article{Prasetyo2020,
	author = {Prasetyo, Aditya P.P. and Rendyansyah and Siswanti, Sri Desy and Nurmaini, Siti and Abdurahman},
	doi = {10.1088/1742-6596/1500/1/012103},
	issn = {17426596},
	journal = {Journal of Physics: Conference Series},
	number = {1},
	title = {{Garbage Collector Robot (Gacobot) Design for Dry Waste Distribution}},
	volume = {1500},
	year = {2020}
}

% ===========================

@BOOK{Jain2007,
  title = {Handbook of Biometrics},
  publisher = {Springer-Verlag New York, Inc.},
  year = {2007},
  author = {Jain, Anil K. and Flynn, Patrick and Ross, Arun A.},
  address = {Secaucus, NJ, USA},
  isbn = {038771040X},
  owner = {Pras-8GB},
  timestamp = {2014.04.07}
}

@ARTICLE{Kong2009,
  author = {Kong, Adams and Zhang, David and Kamel, Mohamed},
  title = {A Survey of Palmprint Recognition},
  journal = {Pattern Recogn.},
  year = {2009},
  volume = {42},
  pages = {1408 --1418},
  number = {7},
  month = jul,
  acmid = {1518403},
  address = {New York, NY, USA},
  doi = {10.1016/j.patcog.2009.01.018},
  issn = {0031-3203},
  issue_date = {July, 2009},
  keywords = {Biometrics, Identical twins, Privacy, Security, Template protection},
  numpages = {11},
  owner = {Pras-8GB},
  publisher = {Elsevier Science Inc.},
  timestamp = {2014.04.07},
  url = {http://dx.doi.org/10.1016/j.patcog.2009.01.018}
}

@ARTICLE{Michael2008,
  author = {Ong Michael, Goh Kah and Connie, Tee and Jin Teoh, Andrew Beng},
  title = {Review Article: Touch-less Palm Print Biometrics: Novel Design and
	Implementation},
  journal = {Image Vision Comput.},
  year = {2008},
  volume = {26},
  pages = {1551--1560},
  number = {12},
  month = dec,
  acmid = {1414252},
  address = {Newton, MA, USA},
  doi = {10.1016/j.imavis.2008.06.010},
  issn = {0262-8856},
  issue_date = {December, 2008},
  keywords = {Gradient operator, Local binary pattern (LBP), Palm print recognition,
	Probabilistic neural networks (PNN), Touch-less biometrics},
  numpages = {10},
  owner = {Pras-8GB},
  publisher = {Butterworth-Heinemann},
  timestamp = {2014.04.07},
  url = {http://dx.doi.org/10.1016/j.imavis.2008.06.010}
}

@ARTICLE{Wang2008,
  author = {Wang, Jian-Gang and Yau, Wei-Yun and Suwandy, Andy and Sung, Eric},
  title = {Person Recognition by Fusing Palmprint and Palm Vein Images Based
	on "Laplacianpalm" Representation},
  journal = {Pattern Recogn.},
  year = {2008},
  volume = {41},
  pages = {1514--1527},
  number = {5},
  month = may,
  acmid = {1343142},
  address = {New York, NY, USA},
  doi = {10.1016/j.patcog.2007.10.021},
  issn = {0031-3203},
  issue_date = {May, 2008},
  keywords = {Eigenpalm, Fisherpalm, Image fusion, Laplacianpalm, Palm vein, Palmprint,
	Spoof attack},
  numpages = {14},
  owner = {Pras-8GB},
  publisher = {Elsevier Science Inc.},
  timestamp = {2014.04.07},
  url = {http://dx.doi.org/10.1016/j.patcog.2007.10.021}
}
@CONFERENCE{Mustafa2019,

author = {Mustafa, K. A. A. and Botteghi, N. and Sirmacek, B. and Poel, M. and Stramigioli, S.},
doi = {10.5194/isprs-archives-XLII-2-W13-857-2019},
journal = {The International Archives of the Photogrammetry, Remote Sensing and Spatial Information Sciences},
keywords = {Artificial Intelligence,Deep Reinforcement Learning,Online Path Planning,SLAM,Unknown environments},
mendeley-groups = {Autonomous Mobile Robot},
month = {jun},
number = {2/W13},
pages = {857--863},
title = {{TOWARDS CONTINUOUS CONTROL FOR MOBILE ROBOT NAVIGATION: A REINFORCEMENT LEARNING AND SLAM BASED APPROACH}},
url = {https://www.int-arch-photogramm-remote-sens-spatial-inf-sci.net/XLII-2-W13/857/2019/},
volume = {XLII-2/W13},
year = {2019}

}
@CONFERENCE{Zhou2010,
  author = {Y. Zhou and A. Kumar},
  title = {Contactless Palm Vein Identification Using Multiple Representations},
  booktitle = {2010 Fourth IEEE International Conference on Washington DC},
  year = {2010},
  series = {,},
  pages = {1-6},
  month = {September},
  publisher = {IEEE, Biometrics: Theory Applications and Systems (BTAS)},
  owner = {Pras-8GB},
  timestamp = {2014.03.19}
}

@incollection{Hoffmann2003,

	author = {Hoffmann, Frank},
	booktitle = {Lecture Notes in Artificial Intelligence (Subseries of Lecture Notes in Computer Science)},
	doi = {10.1007/3-540-44967-1_65},

	isbn = {3540403833},
	issn = {03029743},
	mendeley-groups = {Autonomous Mobile Robot},
	pages = {544--551},
	title = {{An Overview on Soft Computing in Behavior Based Robotics}},
	url = {http://link.springer.com/10.1007/3-540-44967-1_65},
	volume = {2715},
	year = {2003}
}
@article{fischer2021robostack,
  title={RoboStack: Using the Robot Operating System alongside the Conda and Jupyter Data Science Ecosystems},
  author={Fischer, Tobias and Vollprecht, Wolf and Traversaro, Silvio and Yen, Sean and Herrero, Carlos and Milford, Michael},
  journal={arXiv preprint arXiv:2104.12910},
  year={2021}
}